<record><leader>00000cas a2200000 a 4500</leader><controlfield tag="001">14440267</controlfield><controlfield tag="008">861020d19851988kyuwn ne      0   a0eng d</controlfield><datafield ind1=" " ind2=" " tag="010"><subfield code="a">sn 86069649 </subfield></datafield><datafield ind1=" " ind2=" " tag="040"><subfield code="a">KNP</subfield><subfield code="b">eng</subfield><subfield code="c">KNP</subfield><subfield code="d">NSD</subfield><subfield code="d">KNP</subfield><subfield code="d">NSD</subfield><subfield code="d">KNP</subfield><subfield code="d">OCL</subfield><subfield code="d">OCLCQ</subfield><subfield code="d">KYUBL</subfield><subfield code="d">OCLCQ</subfield><subfield code="d">OCLCF</subfield><subfield code="d">OCLCO</subfield></datafield><datafield ind1=" " ind2=" " tag="012"><subfield code="j">0</subfield><subfield code="m">d</subfield></datafield><datafield ind1="1" ind2=" " tag="022"><subfield code="a">0891-5660</subfield><subfield code="l">0891-5660</subfield><subfield code="y">0883-3745</subfield><subfield code="2">1</subfield></datafield><datafield ind1="1" ind2=" " tag="029"><subfield code="a">AU@</subfield><subfield code="b">000020422221</subfield></datafield><datafield ind1=" " ind2=" " tag="037"><subfield code="b">The Mercury, P.O. Box 246, Inez, Ky. 41224</subfield></datafield><datafield ind1=" " ind2=" " tag="042"><subfield code="a">msc</subfield><subfield code="a">nsdp</subfield></datafield><datafield ind1=" " ind2=" " tag="043"><subfield code="a">n-us-ky</subfield><subfield code="a">n-us-wv</subfield></datafield><datafield ind1="0" ind2=" " tag="130"><subfield code="a">Mercury (Inez, Ky.)</subfield></datafield><datafield ind1=" " ind2="4" tag="222"><subfield code="a">The Mercury</subfield><subfield code="b">(Inez, Ky.)</subfield></datafield><datafield ind1="1" ind2="4" tag="245"><subfield code="a">The Mercury.</subfield></datafield><datafield ind1=" " ind2=" " tag="260"><subfield code="a">Inez, Ky. :</subfield><subfield code="b">Martin County Pub. Co.,</subfield><subfield code="c">1985-1988.</subfield></datafield><datafield ind1=" " ind2=" " tag="300"><subfield code="a">v. :</subfield><subfield code="b">ill.</subfield></datafield><datafield ind1=" " ind2=" " tag="310"><subfield code="a">Weekly (except for 4th of July, Christmas, New Year)</subfield></datafield><datafield ind1="0" ind2=" " tag="362"><subfield code="a">Vol. 16, no. 43 (Dec. 10, 1985)-v. 19, no. 49 (Dec. 20-26, 1988).</subfield></datafield><datafield ind1=" " ind2=" " tag="500"><subfield code="a">"Printed for Martin, Lawrence, Mingo and Wayne counties."</subfield></datafield><datafield ind1=" " ind2=" " tag="580"><subfield code="a">Merged with: Martin Countian, to form: Martin Countian and the Mercury.</subfield></datafield><datafield ind1=" " ind2="0" tag="651"><subfield code="a">Inez (Ky.)</subfield><subfield code="v">Newspapers.</subfield></datafield><datafield ind1=" " ind2="0" tag="651"><subfield code="a">Martin County (Ky.)</subfield><subfield code="v">Newspapers.</subfield></datafield><datafield ind1=" " ind2="0" tag="651"><subfield code="a">Lawrence County (Ky.)</subfield><subfield code="v">Newspapers.</subfield></datafield><datafield ind1=" " ind2="0" tag="651"><subfield code="a">Mingo County (W. Va.)</subfield><subfield code="v">Newspapers.</subfield></datafield><datafield ind1=" " ind2="0" tag="651"><subfield code="a">Wayne County (W. Va.)</subfield><subfield code="v">Newspapers.</subfield></datafield><datafield ind1=" " ind2="7" tag="655"><subfield code="a">Newspapers.</subfield><subfield code="2">fast</subfield><subfield code="0">(OCoLC)fst01423814</subfield></datafield><datafield ind1=" " ind2="7" tag="651"><subfield code="a">Kentucky</subfield><subfield code="z">Inez.</subfield><subfield code="2">fast</subfield><subfield code="0">(OCoLC)fst01252578</subfield></datafield><datafield ind1=" " ind2="7" tag="651"><subfield code="a">Kentucky</subfield><subfield code="z">Lawrence County.</subfield><subfield code="2">fast</subfield><subfield code="0">(OCoLC)fst01204685</subfield></datafield><datafield ind1=" " ind2="7" tag="651"><subfield code="a">Kentucky</subfield><subfield code="z">Martin County.</subfield><subfield code="2">fast</subfield><subfield code="0">(OCoLC)fst01234368</subfield></datafield><datafield ind1=" " ind2="7" tag="651"><subfield code="a">West Virginia</subfield><subfield code="z">Mingo County.</subfield><subfield code="2">fast</subfield><subfield code="0">(OCoLC)fst01224821</subfield></datafield><datafield ind1=" " ind2="7" tag="651"><subfield code="a">West Virginia</subfield><subfield code="z">Wayne County.</subfield><subfield code="2">fast</subfield><subfield code="0">(OCoLC)fst01221591</subfield></datafield><datafield ind1=" " ind2=" " tag="752"><subfield code="a">United States</subfield><subfield code="b">Kentucky</subfield><subfield code="c">Martin</subfield><subfield code="d">Inez.</subfield></datafield><datafield ind1="0" ind2="0" tag="780"><subfield code="t">Martin County Mercury</subfield><subfield code="x">0883-3745</subfield><subfield code="w">(DLC)sn 85007399</subfield></datafield><datafield ind1="1" ind2="7" tag="785"><subfield code="t">Martin Countian</subfield><subfield code="w">(DLC)sn 86069646</subfield></datafield></record>